@inproceedings{zhou2017model,
  title={A model of coauthorship networks},
  author={Zhou, Guochang and Li, Jianping and Xie, Zonglin},
  booktitle={AIP Conference Proceedings},
  volume={1890},
  number={1},
  pages={040057},
  year={2017},
  organization={AIP Publishing LLC}
}

@article{yegnanarayanan2011note,
  title={A Note on the Importance of Collaboration Graphs},
  author={Yegnanarayanan, V and Umamaheswari, GK},
  journal={Int. J. of Mathematical Sciences and Applications},
  volume={1},
  number={3},
  pages={1113--1121},
  year={2011}
}

@article{kumar2015co,
  title={Co-authorship networks: a review of the literature},
  author={Kumar, Sameer},
  journal={Aslib Journal of Information Management},
  year={2015},
  publisher={Emerald Group Publishing Limited}
}

@article{e2016co,
  title={Co-authorship network analysis in health research: method and potential use},
  author={e Fonseca, Bruna de Paula Fonseca and Sampaio, Ricardo Barros and de Ara{\'u}jo Fonseca, Marcus Vinicius and Zicker, Fabio},
  journal={Health Research Policy and Systems},
  volume={14},
  number={1},
  pages={34},
  year={2016},
  publisher={BioMed Central}
}

@article{barabasi2002evolution,
  title={Evolution of the social network of scientific collaborations},
  author={Barab{\^a}si, Albert-Laszlo and Jeong, Hawoong and N{\'e}da, Zoltan and Ravasz, Erzsebet and Schubert, Andras and Vicsek, Tamas},
  journal={Physica A: Statistical mechanics and its applications},
  volume={311},
  number={3-4},
  pages={590--614},
  year={2002},
  publisher={Elsevier}
}

@inbook{leskovec_rajaraman_ullman_2014,
 place={Cambridge}, 
edition={2},
 title={Mining Social-Network Graphs},
 DOI={10.1017/CBO9781139924801.011}, 
booktitle={Mining of Massive Datasets}, 
publisher={Cambridge University Press}, 
author={Leskovec, Jure and Rajaraman, Anand and Ullman, Jeffrey David},
 year={2014}, 
pages={325–383}}

@article{chakraborty2018application,
  title={Application of graph theory in social media},
  author={Chakraborty, Anwesha and Dutta, Trina and Mondal, Sushmita and Nath, Asoke},
  journal={International Journal of Computer Sciences and Engineering},
  volume={6},
  pages={722--729},
  year={2018}
}

@misc{Carlson20,
  title={Graph theory},
  author={Carlson, Stephan C.},
  publisher={Encyclopædia Britannica},
  year={2020},
  url={https://www.britannica.com/topic/graph-theory}
}

@article {Newman2566,
	author = {Newman, M. E. J. and Watts, D. J. and Strogatz, S. H.},
	title = {Random graph models of social networks},
	volume = {99},
	number = {suppl 1},
	pages = {2566--2572},
	year = {2002},
	doi = {10.1073/pnas.012582999},
	publisher = {National Academy of Sciences},
	issn = {0027-8424},
	URL = {https://www.pnas.org/content/99/suppl_1/2566},
	eprint = {https://www.pnas.org/content/99/suppl_1/2566.full.pdf},
	journal = {Proceedings of the National Academy of Sciences}
}

@incollection{travers1977experimental,
  title={An experimental study of the small world problem},
  author={Travers, Jeffrey and Milgram, Stanley},
  booktitle={Social Networks},
  pages={179--197},
  year={1977},
  publisher={Elsevier}
}
